@article{ todd:cfr,
  author = "Todd W. Neller and Marc Lanctot"
  title = "An Introduction to Counterfactual Regret Minimization",
  month = "July",
  year = "2013"
}


@article{ yako:dqn,
	author = "Nikolai Yakovenko, Liangliang Cao, Colin Raffel and James Fan",
	title = "Poker-CNN: A Pattern Learning Strategy for Making Draws and Bets in Poker Games",
	journal = "Association for the Advancement of Artificial
Intelligence",
	month = "September",
	year = 2015
}

@article{ samz:tartarian,
	author = "Sam Ganzfried and Tuomas Sandholm",
	title = "Tartanian5: A Heads-Up No-Limit Texas Holdâ€™em Poker-Playing Program",
	journal = "Association for the Advancement of Artificial
Intelligence",
	year = "2012"
}

@article{ michael:guide,
	author = "Michael Bradley Johanson",
	title = "Robust Strategies and Counter-Strategies: Building a Champion Level Computer Poker Player",
	journal = "University of Alberta Library"
	year = "2007"
}